@ARTICLE{Lusk2020formation,
  author={P. C. {Lusk} and X. {Cai} and S. {Wadhwania} and A. {Paris} and K. {Fathian} and J. P. {How}},
  journal={IEEE Robotics and Automation Letters}, 
  title={A Distributed Pipeline for Scalable, Deconflicted Formation Flying}, 
  year={2020},
  volume={5},
  number={4},
  pages={5213-5220}
}

@ARTICLE{Beard2002,
author={R. W. {Beard}},
journal={IEEE Control Systems Magazine},
title={Linear operator equations with applications in control and signal processing},
year={2002},
volume={22},
number={2},
pages={69-79},
doi={10.1109/37.993316},
ISSN={1941-000X},
month={April},
}

@phdthesis{Fathian2018Dissertation,
  title={Distributed Formation Control of Autonomous Vehicles via Vision-Based Motion Estimation},
  author={Fathian, Kaveh},
  year={2018}
}

@misc{Fathian2018,
  title={Robust Distributed Planar Formation Control for Higher-Order Holonomic and Nonholonomic Agents},
  author={Kaveh Fathian and Sleiman Safaoui and Tyler H. Summers and Nicholas R. Gans},
  year={2018},
  eprint={1807.11058},
  archivePrefix={arXiv},
  primaryClass={cs.RO}
}

@inproceedings{Fathian2019,
author={K. {Fathian} and S. {Safaoui} and T. H. {Summers} and N. R. {Gans}},
booktitle={2019 International Conference on Robotics and Automation (ICRA)},
title={Robust 3D Distributed Formation Control With Collision Avoidance And Application To Multirotor Aerial Vehicles},
year={2019},
pages={9209-9215},
doi={10.1109/ICRA.2019.8794349},
ISSN={1050-4729},
address={Montreal, QC, Canada}
month={May}
}

@article{Wen2010,
  title={Alternating direction augmented Lagrangian methods for semidefinite programming},
  author={Wen, Zaiwen and Goldfarb, Donald and Yin, Wotao},
  journal={Mathematical Programming Computation},
  volume={2},
  number={3-4},
  pages={203--230},
  year={2010},
  publisher={Springer}
}

@article{Gortler2014,
  title={Characterizing the universal rigidity of generic frameworks},
  author={Gortler, Steven J and Thurston, Dylan P},
  journal={Discrete \& Computational Geometry},
  volume={51},
  number={4},
  pages={1017--1036},
  year={2014},
  publisher={Springer}
}